% This file was created with JabRef 2.8.1.
% Encoding: Cp1252

@ARTICLE{agnes,
  author = {Neeltje van den Berg and Claudia Meinke and Romy Heymann and Thomas
	Fiß and Eileen Suckert and Christian Pöller and Adina Dreier and
	Hagen Rogalski and Thomas Karopka and Roman Oppermann and Wolfgang
	Hoffmann},
  title = {{AGnES: Hausarztunterstützung durch qualifizierte Praxismitarbeiter;
	Evaluation der Modellprojekte: Qualität und Akzeptanz}},
  journal = {Deutsches Ärzteblatt},
  year = {2009},
  volume = {Heft 1-2},
  pages = {3-9},
  number = {106},
  month = {Januar},
  file = {:C\:\\Users\\Thomas\\Dropbox\\Masterarbeit\\Literatur\\Delegationsmodelle\\AGnES_Ärzteblatt.pdf:PDF},
  owner = {Thomas},
  timestamp = {2013.01.15}
}

@ARTICLE{vitaBitAerzteblatt,
  author = {{Forschungsprojekt VitaBIT}},
  title = {{Pflegeservice von morgen}},
  journal = {{Deutsches Ärzteblatt}},
  year = {2009},
  volume = {106},
  pages = {3,4},
  number = {50},
  owner = {Thomas},
  timestamp = {2013.01.24}
}

@MISC{verahZiele,
  author = {Instituts für hausärztliche Fortbildung im Deutschen Hausärzteverband
	(IhF) e.V.},
  title = {{Fortbildungscurriculum "Versorgungsassistentin in der Hausarztpraxis-VERAH"}},
  month = {Januar},
  year = {2008},
  file = {:C\:\\Users\\Thomas\\Dropbox\\Masterarbeit\\Literatur\\Delegationsmodelle\\VERAH\\Lernzielkatalog MFA_aktuell.pdf:PDF},
  owner = {Thomas},
  timestamp = {2013.01.15}
}

@MISC{verahInfos,
  author = {Institut für hausärztliche Fortbildung im Deutschen Hausärzteverband
	(IhF) e. V.},
  title = {{Versorgungsassistentin in der Hausarztpraxis - VERAH® [Informationen
	für Praxisinhaber]}},
  year = {2008},
  owner = {Thomas},
  timestamp = {2013.01.15}
}

@BOOK{patternsBook,
  title = {Patterns of enterprise application architecture},
  publisher = {Addison-Wesley},
  year = {2003},
  author = {Fowler, Martin},
  series = {The Addison-Wesley signature series},
  address = {Boston, Mass.},
  isbn = {0-321-12742-0},
  keywords = { ; System design / Computer architecture / Application software /
	Business ; Unternehmen / Anwendungssystem / Systementwicklung / Objektorientierung},
  size = {XXIV, 533 S. : Ill., graph. Darst.}
}

@ELECTRONIC{nubedian,
  author = {nubedian GmbH},
  month = {Januar},
  year = {2013},
  url = {http:/www.nubedian.de/},
  owner = {Thomas},
  timestamp = {2013.01.16}
}

@INPROCEEDINGS{bluetoothPuls,
  author = {Roland Görlitz and Lars Müller and Asarnusch Rashid},
  title = {An individual patient-oriented stroke manager architecture},
  booktitle = {Proceedings of the eHealth2012},
  year = {2012},
  editor = {Schreier and Hayn and Hörbst and Ammenwerth},
  address = {Wien, Österreich},
  month = {Mai},
  owner = {Thomas},
  timestamp = {2013.01.24}
}

@MASTERSTHESIS{diplChristina,
  author = {Christina Hardt},
  title = {{Entwicklung eines prototypischen Softwaresystems zur Unterstützung
	der Kommunikation und Dokumentation in der stationären Pflege}},
  school = {{Hochschule Karlsruhe Technik und Wirtschaft; Universität Karlsruhe
	(TH)}},
  year = {2010},
  type = {Diplomarbeit},
  month = {April},
  owner = {Thomas},
  timestamp = {2013.01.23}
}

@BOOK{sicherheitInternet,
  title = {Sicherheit im Internet : [Gefahren einschätzen, Risiken minimieren:
	fundiertes Hintergrundwissen rund ums Internet; effektiver Schutz
	für den PC: behandelt Windows XP und Vista; mit zahlreichen Sicherheitstools
	auf CD-ROM]},
  publisher = {OReilly},
  year = {2007},
  author = {Janowicz, Krzysztof},
  series = {oreillys basics},
  address = {Beijing},
  edition = {3. Aufl.},
  note = {Früher mit der Nummer 9783897214255},
  isbn = {978-3-89721-715-7; 3-89721-715-5},
  keywords = {Internet / Kryptoanalyse ; Internet / Computersicherheit / Datensicherung
	; Internet / Firewall ; Web-Seite / Vertrauenswürdigkeit / Datensicherung
	; Electronic Banking / Passwort / Zugriffskontrolle / Datensicherung},
  size = {XIV, 349 S. : Ill., graph. Darst. ; 1 CD-ROM (12 cm)},
  url = {http://swbplus.bsz-bw.de/bsz26744186xcov.htm ; http://www.gbv.de/dms/ilmenau/toc/527923656.PDF}
}

@ARTICLE{vitaBithaeuslich,
  author = {Darren Klingbeil},
  title = {{Mehr Zeit für die Pflege der Kunden}},
  journal = {{Häusliche Pflege}},
  year = {2010},
  volume = {11},
  pages = {32-34},
  month = {November},
  owner = {Thomas},
  timestamp = {2013.01.24}
}

@TECHREPORT{kopetsch2010,
  author = {Dr. Thomas Kopetsch},
  title = {{Dem deutschen Gesundheitswesen gehen die Ärzte aus! Studie zur Altersstruktur-und
	Arztzahlentwicklung}},
  institution = {{Bundesärztekammer und Kassenärztliche Bundesvereinigung}},
  year = {2010},
  type = {Studie},
  number = {5},
  month = {August},
  file = {:C\:\\Users\\Thomas\\Dropbox\\Masterarbeit\\Literatur\\AltersstrukturUndArztzahöentwicklung.pdf:PDF},
  isbn = {ISBN 978-3-00-030957-1},
  location = {Berlin},
  organization = {Bundesärztekammer und Kassenärztliche Bundesvereinigung},
  owner = {Thomas},
  timestamp = {2012.11.19}
}

@BOOK{deisgnPatternsC,
  title = {{Design Patterns in C\#}},
  publisher = {{Addison Wesley}},
  year = {2004},
  author = {Steven John Metsker},
  series = {{The Software Patterns Series}},
  owner = {Thomas},
  timestamp = {2013.02.27}
}

@ARTICLE{zurMuehlen20059,
  author = {Michael zur Muehlen and Jeffrey V. Nickerson and Keith D. Swenson},
  title = {{Developing web services choreography standards - the case REST vs.
	SOAP}},
  journal = {Decision Support Systems},
  year = {2005},
  volume = {40},
  pages = {9 - 29},
  number = {1},
  note = {<ce:title>Web services and process management</ce:title>},
  doi = {10.1016/j.dss.2004.04.008},
  issn = {0167-9236},
  keywords = {Workflow},
  url = {http://www.sciencedirect.com/science/article/pii/S0167923604000612}
}

@BOOK{mobileDesignPatterns,
  title = {Mobile Design Pattern Gallery : [UI Patterns for iOS, Android and
	more]},
  publisher = {OReilly},
  year = {2012},
  author = {Neil, Theresa},
  address = {Beijing},
  edition = {1. ed.},
  isbn = {978-1-449-31432-3; 1-449-31432-5},
  keywords = { ; Graphische Benutzeroberfläche ; Mobiles Endgerät ; App <Programm>},
  size = {XII, 261 S. : zahlr. Ill.},
  url = {http://deposit.d-nb.de/cgi-bin/dokserv?id=3962922&prov=M&dok_var=1&dok_ext=htm ; http://swbplus.bsz-bw.de/bsz363523030cov.htm}
}

@MISC{stat2050,
  author = {Statistisches Bundesamt - Pressestelle},
  title = {{Bevölkerung Deutschlands bis 2050 - 11. koordinierte Bevölkerungsvorausberechnung}},
  month = {November},
  year = {2006},
  file = {:C\:\\Users\\Thomas\\Dropbox\\Masterarbeit\\Literatur\\bevoelkerungsprojektion2050.pdf:PDF},
  location = {Wiesbaden},
  owner = {Thomas},
  timestamp = {2012.11.19}
}

@ELECTRONIC{androidStringRessources,
  month = {Januar},
  year = {2013},
  title = {{Verwaltung von String Ressourcen bei der nativen Android-Anwendungsentwicklung}},
  organization = {Google Inc.},
  url = {http://developer.android.com/guide/topics/resources/string-resource.html},
  owner = {Thomas},
  timestamp = {2013.01.30}
}

@ELECTRONIC{eclipse,
  month = {Januar},
  year = {2013},
  title = {{Architektur Eclipse}},
  organization = {{The Eclipse Foundation}},
  url = {http://help.eclipse.org/juno/index.jsp?topic=%2Forg.eclipse.platform.doc.isv%2Fguide%2Farch.htm},
  owner = {Thomas},
  timestamp = {2013.01.25}
}

@ELECTRONIC{jqmobile,
  year = {2013},
  title = {jQuery mobile Homepage},
  organization = {The jQuery Foundation},
  url = {http://jquerymobile.com/},
  owner = {Thomas},
  timestamp = {2013.01.25}
}

@ELECTRONIC{jquery,
  month = {Januar},
  year = {2013},
  title = {jQuery Homepage},
  organization = {The jQuery Foundation},
  url = {http://www.jquery.com/},
  owner = {Thomas},
  timestamp = {2013.01.25}
}

@ELECTRONIC{mozillaSop,
  month = {Januar},
  year = {2013},
  title = {Same-origin policy},
  organization = {{Mozilla Developer Network and individual contributors}},
  url = {https://developer.mozilla.org/en-US/docs/JavaScript/Same_origin_policy_for_JavaScript},
  owner = {Thomas},
  timestamp = {2013.01.24}
}

@ELECTRONIC{phonegap,
  month = {Januar},
  year = {2013},
  title = {PhoneGap Homepage},
  organization = {Adobe Systems Inc.},
  url = {http://www.phonegap.com/},
  owner = {Thomas},
  timestamp = {2013.01.25}
}

@ELECTRONIC{php,
  month = {Januar},
  year = {2013},
  title = {{PHP Homepage}},
  organization = {{The PHP Group}},
  url = {http://www.php.net},
  owner = {Thomas},
  timestamp = {2013.01.25}
}

@ELECTRONIC{residenzBF,
  month = {01},
  year = {2013},
  organization = {Residenz Bad Friedrichshall},
  url = {http://www.pflegedienste-hn.drk.de/},
  owner = {Thomas},
  timestamp = {2013.01.22}
}

@ELECTRONIC{sencha,
  month = {Januar},
  year = {2013},
  title = {Sencha Touch Homepage},
  organization = {Sencha Inc.},
  url = {http://www.sencha.com/products/touch},
  owner = {Thomas},
  timestamp = {2013.01.25}
}

@ELECTRONIC{w3cSop,
  month = {Januar},
  year = {2013},
  title = {{Same Origin Policy}},
  organization = {{W3C - World Wide Web Consortium}},
  url = {http://www.w3.org/Security/wiki/Same_Origin_Policy},
  owner = {Thomas},
  timestamp = {2013.01.24}
}

@RICHTLINIE{richtlinie,
  institution = {Gemeinsamer Bundesausschuss},
  title = {{Richtlinie des Gemeinsamen Bundesauschusses über die Festlegung
	ärztlicher Tätigkeiten zur Übertragung auf Berufsangehörige der Alten-
	und Krankenpflege zur selbständigen Ausübung von Heilkunde im Rahmen
	von Modellvorhaben nach § 63 Abs. 3c SGB V.}},
  year = {2012},
  file = {:C\:\\Users\\Thomas\\Dropbox\\Masterarbeit\\Literatur\\RechtlicherHintergrund\\2011-10-20_RL-63Abs3c.pdf:PDF},
  month = {März},
  pages = {1128},
  journal = {Bundesanzeiger},
  owner = {Thomas},
  timestamp = {2013.01.15}
}

@STANDARD{iso25000,
  title = {ISO/IEC 25000 Software engineering - Software product Quality Requirements
	and Evaluation SQuaRE - Guide to SQuaRE},
  organization = {{International Standards Organization}},
  institution = {{International Electrotechnical Commission}},
  number = {1},
  revision = {1},
  month = {8},
  year = {2005},
  owner = {Thomas},
  timestamp = {2013.01.22}
}

@comment{jabref-entrytype: Richtlinie: req[institution;title;year] opt[annote;author;comment;edition;file;month;location;keywords;organization;pages;pdf;publisher;url;volume;journal]}

